@article{knutesonAtmosphericEmittedRadiance2004b,
	author = {Knuteson, R. O. and Revercomb, H. E. and Best, F. A. and Ciganovich, N. C. and Dedecker, R. G. and Dirkx, T. P. and Ellington, S. C. and Feltz, W. F. and Garcia, R. K. and Howell, H. B. and Smith, W. L. and Short, J. F. and Tobin, D. C.},
	journal = {Journal of Atmospheric and Oceanic Technology},
	doi = {10.1175/JTECH-1663.1},
	issn = {0739-0572, 1520-0426},
	number = {12},
	year = {2004},
	month = {12},
	pages = {1777--1789},
	title = {Atmospheric {Emitted} {Radiance} {Interferometer}. {Part} {II}: Instrument {Performance}},
	volume = {21},
}

